@Book{item1,
author="John Doe",
title="First Book",
year="2005"
}

@Book{item2,
author="John Doe",
title="Second Book",
year="2006"
}

@Book{item3,
author="John Doe and Jenny Roe",
title="Third Book",
year="2007"
}
